%% LaTeX2e file `pustaka.bib'
%% from source `kolokium_ekstensi' 
%%
@book{Adinugroho2005,
	author = { WC Adinugroho  and Suryadiputra INN and BH Saharjo and L Siboro },
	title = {Panduan Pengendalian Kebakaran Hutan dan Lahan Gambut. Proyek Climate Changes, Forests and Peatlands in Indonesia},
	date = {2005},
	publisher = {Bogor(ID): Wetlands International-Indonesia Programme and Wildlife Habibat Canada},
}

@thesis{Baehaki2014,
	author = {D Baehaki},
	title = {Deteksi pencilan data titik panas di provinsi Riau menggunakan algoritme  clustering K-Means [skripsi]},
	type = {Skripsi},
	institution = {Departemen Ilmu Komputer, Institut Pertanian Bogor},
	date = {2014},
	pagetotal = {20},
}

@proceedings{Beunig2010,
	editor = {MM Beunig  and Kriegel Hans\-Peter and Ng Raymond T and Sander J},
	title = {LOF: Identifying Density-Based Local Outliers},
	date = {2000},
	eventtitle = {ACM SIGMOD international conference on Management  of data},
	volume = {ACM SIGMOD Volume 29 Issue Pages 93\-104 },
	eventdate = {2000-06/02	},
	publisher={New York (USA)},
	}
	
@thesis{Cahyadarena2014,
	author = { MB Cahyadarena },
	title = {Deteksi Pencilan Pada Data Titik Panas Menggunakan Clustering Berbasis Medoids [skripsi]},
	type = {Skripsi},
	institution = {Departemen Ilmu Komputer, Institut Pertanian Bogor},
	date = {2014},
	pagetotal = {31},
	
}

@article{Guswanto2009,
	author = {Guswanto and E Heriyanto},
	title = {Operational Weather System for National Fire Danger Rating. Jurnal Meteorologi dan Geofisika},
	journaltitle = {Jurnal Meteorologi dan Geofisika},
	date = {2009},
	volume = {10},
	number = {2},
	pages = {77-87},
	
}


@book{Han2012,
	author = { J Han and M Kamber and Pei J},
	title = {Data mining: concepts and  techniques},
	date = {2012},
	publisher = {Massachusetts (US) : Morgan Kaufmann},
}


@book{Hasan1999,
	author = {MI Hasan },
	title = {Pokok-Pokok Materi Statistik 1: Statistik Deskriptif},
	date = {1999},
	publisher = {Jakarta (ID): Bumi aksara},
}

@article{Suwarsono2013,
	author = {Suwarsono and Rokhmatuloh and T Waryono },
	title = { Pengembangan Model Identifikasi Daerah Bekas Kebakaran Hutan dan Lahan (Burned Area) Menggunakan Citra MODIS di Kalimantan [Model Development of Burned Area Identification Using MODIS Imagery in Kalimantan]},
	journaltitle = {Jurnal Penginderaan Jauh},
	date = {2013},
	volume = {10},
	number = {2},
	pages = {99-112},
	
}

@book{Tacconi2003,
	author = { L Tacconi   },
	title = { Kebakaran Hutan di Indonesia: Penyebab, Biaya dan Implikasi  Kebijakan [paper] },
	date = {2003},
	publisher = {Bogor(ID): Center For International Forestry Research},
}

@book{Sizer2014,
	author = {N Sizer and J Anderson and F Stolle and S Minnemeyer and M Higgins and A Leach, A Alisjahbana, A Utami},
	title = { Kebakaran Hutan di Indonesia Mencapai Tingkat Tertinggi Sejak Kondisi Darurat Kabut Asap Juni 2013 [Internet] },
	date = {2014},
	publisher = {[diunduh 2015 17 Mei]. Tersedia pada http://www.wri.org/blog/2014/03/kebakaran-hutan-di-indonesia-mencapai-tingkat-  tertinggi\-sejak\-kondisi\-darurat\-kabut},
}

