%% LaTeX2e file `pustaka.bib'
%% from source `kolokium_ekstensi' 
%%
@thesis{TAMSIN2013,
	author = {AH Tamsin},
	title = {Pengelompokan Sekuen DNA Menggunakan Algoritme Single Link dan Feature Vectors},
	type = {Skripsi},
	institution = {Departemen Ilmu Komputer, Institut Pertanian Bogor},
	date = {2013},
	pagetotal = {37},
}
@book{LAROSE2005,
	author = {DT Larose},
	title = {Discovering Knowledge in Data: an Introduction to Data Mining},
	date = {2005},
	publisher = {Jersey (US): J Wiley},
}
@book{JAIN1999,
	author = {AK Jain and MN Murty and PJ Flynn},
	title = {Data Clustering: a Review},
	date = {1999},
	publisher = {New York (US): ACM Computing Surveys},
}
@article{KUNIN2008,
	author = {V Kunin and A Copeland and A Lapidus and K Mavromatis and P Hugenholtz},
	title = {A Bioinformaticianâ€™s Guide to Metagenomics},
	journaltitle = {Microbiology and Molecular Biology Reviews},
	date = {2008},
	volume = {72},
	number = {4},
	pages = {557-578},
}
@article{DEAN2004,
	author = {J Dean and S Ghemawat},
	title = {MapReduce: simplified data processing on large clusters. OSDI'04 Proceedings of the 6th conference on Symposium on Opearting Systems Design and Implementation},
	journaltitle = {International Journal of Enggineering Science Invention},
	date = {2004},
	pages = {10-100},
	url = {http://static.googleusercontent.com/media/research.google.com},
	urldate = {2015-05-10},
}
@article{RASHEED2013,
	author = {Z Rasheed and H Rangwala },
	title = {A map-reduce framework for clustering metagenomes},
	journaltitle = {HiCOMB 2013 Online Proceedings Twelfth IEEE International Workshop on High Performance Computational Biology},
	date = {2013},
	pages = {549-558},
	url = {http://www.hicomb.org/HiCOMB2013/papers/HICOMB2013-06.pdf},
	urldate = {2015-05-10},
}
@proceedings{TAYLOR2010,
	editor = {RC Taylor},
	title = {An Overview of the Hadoop Framework and its Current Applications in Bioinformatics},
	date = {2010},
	eventtitle = {The 11th Annual Bioinformatics Open Source Conference (BOSC)},
	eventdate = {2010-09/10	},
}
